{
  "request": {
    "url": "https://query2.finance.yahoo.com/v10/finance/quoteSummary/ORSTED.CO?formatted=false&modules=earnings"
  },
  "response": {
    "ok": true,
    "status": 200,
    "statusText": "OK",
    "headers": {
      "content-type": [
        "application/json;charset=utf-8"
      ],
      "vary": [
        "Origin,Accept-Encoding"
      ],
      "cache-control": [
        "public, max-age=1, stale-while-revalidate=9"
      ],
      "y-rid": [
        "5t6pcbpgbeb92"
      ],
      "x-yahoo-request-id": [
        "5t6pcbpgbeb92"
      ],
      "x-request-id": [
        "11ceb179-0e33-45d0-ad9b-f2741b697855"
      ],
      "content-length": [
        "944"
      ],
      "x-envoy-upstream-service-time": [
        "3"
      ],
      "date": [
        "Wed, 02 Jun 2021 07:02:58 GMT"
      ],
      "server": [
        "ATS"
      ],
      "x-envoy-decorator-operation": [
        "finance-company-fundamentals-api--mtls-production-ir2.finance-k8s.svc.yahoo.local:4080/*"
      ],
      "age": [
        "0"
      ],
      "strict-transport-security": [
        "max-age=15552000"
      ],
      "referrer-policy": [
        "no-referrer-when-downgrade"
      ],
      "x-frame-options": [
        "SAMEORIGIN"
      ],
      "connection": [
        "close"
      ],
      "expect-ct": [
        "max-age=31536000, report-uri=\"http://csp.yahoo.com/beacon/csp?src=yahoocom-expect-ct-report-only\""
      ],
      "x-xss-protection": [
        "1; mode=block"
      ],
      "x-content-type-options": [
        "nosniff"
      ]
    },
    "bodyJson": {
      "quoteSummary": {
        "result": [
          {
            "earnings": {
              "maxAge": 86400,
              "earningsChart": {
                "quarterly": [
                  {
                    "date": "4Q2017",
                    "actual": 21.7,
                    "estimate": 24.1
                  },
                  {
                    "date": "1Q2018",
                    "actual": 7.2,
                    "estimate": 2.64
                  },
                  {
                    "date": "2Q2018",
                    "actual": -1.1,
                    "estimate": -0.63
                  },
                  {
                    "date": "3Q2018",
                    "actual": 1.1,
                    "estimate": 0.24
                  }
                ],
                "currentQuarterEstimateDate": "4Q",
                "currentQuarterEstimateYear": 2018,
                "earningsDate": [
                  1628726400
                ]
              },
              "financialsChart": {
                "yearly": [
                  {
                    "date": 2017,
                    "revenue": 59709000000,
                    "earnings": 19435000000
                  },
                  {
                    "date": 2018,
                    "revenue": 75520000000,
                    "earnings": 18251000000
                  },
                  {
                    "date": 2019,
                    "revenue": 70398000000,
                    "earnings": 7181000000
                  },
                  {
                    "date": 2020,
                    "revenue": 50151000000,
                    "earnings": 15598000000
                  }
                ],
                "quarterly": [
                  {
                    "date": "2Q2020",
                    "revenue": 9962000000,
                    "earnings": -1875000000
                  },
                  {
                    "date": "3Q2020",
                    "revenue": 8762000000,
                    "earnings": 11331000000
                  },
                  {
                    "date": "4Q2020",
                    "revenue": 13195000000,
                    "earnings": 763000000
                  },
                  {
                    "date": "1Q2021",
                    "revenue": 18944000000,
                    "earnings": 1589000000
                  }
                ]
              },
              "financialCurrency": "DKK"
            }
          }
        ],
        "error": null
      }
    }
  }
}